@Report{Freeman:Kaswenta,
    entrysubtype={unpubished},
    author={Freeman, Bonnie},
    title={The Kaswénta: Deepening Our Understanding of the Three White
        Beads between the Purple Rows},
    location={Brantford, Ontario, Canada},
    institution={Paper presented at the Conference on Iroquois Research,
        Oct. 13},
    year=2023
}


@Unpublished{Parker:Letter-1850_02_12,
    author={Parker, Eli},
    note={Letter to Lewis Henry Morgan, Feb. 12, University of Rochester
        Rare Books and Special Collections},
    year=1850
}

@Book{LancasterTreaty,
    title={A Treaty, Held at the Town of Lancaster, in Pennsylvania, By the
        Honourable the Lieutenant-Governor of the Province, And the Honourable
            the Commissioners for the Province, of  Virginia and Maryland,
        with the Indians of the Six Nations, In June, 1744},
    author={Virginia, Maryland, and the Six Nations of New York},
    location={Philadelphia},
    publisher={Benjamin Franklin},
    year=1744,
    url={https://treaties.okstate.edu/treaties/treaty-of-lancaster-1744-21777}
}

@Report{Venables:CovenantChain,
    entrysubtype={unpublished},
    author={Venables, Robert},
    title={Polishing The Silver Covenant Chain: A Brief History of Some of the Symbols and Metaphors in Haudenosaunee Treaty Negotiations},
    url={https://www.onondaganation.org/history/2010/polishing-the-silver-covenant-chain-a-brief-history-of-some-of-the-symbols-and-metaphors-in-haudenosaunee-treaty-negotiations/},
    institution={Onondaga Nation},
    year=2010
}

@Article{Diamond:Modernity,
    author={Diamond, Beverley},
    title={Purposely Reflecting on Tradition and Modernity},
    crossref={LevineRobinson:MusicModernity},
    pages={240--257}
}

@Book{Sanborn:SenecaHymnal,
    author={Sanborn, John Wentworth},
    title={Hymnal in the Seneca Language; also Ten Psalms of David together
        with a Choice Collection of English Hymns with Tunes and an Index},
    year=1892,
    location={n.p.}
}

@Report{Hill:TwoRow,
    entrysubtype={unpublished},
    author={Hill, Rick},
    title={Talking Points on History and Meaning of the Two Row Wampum Belt},
    location={Ohsweken, Ontario},
    institution={Deyohahá:ge: Indigenous Knowledge Centre},
    year=2013,
    url={http://honorthe.wwwmi3-ss62.a2hosted.com/wp-content/uploads/2013/03/TwoRowTalkingPoints-Rick-Hill.pdf}
}

@Article{Ross:Caneadea,
    author={Ross, Kathryn},
    title={Senecas to Return to Caneadea for a Day of Learning and Exchange},
    journaltitle={Olean Times Herald},
    volume={June 26},
    year=2023
}

@Article{Ross:Caneadea2,
    author={Ross, Kathryn},
    title={Caneadea Field Day: A Tradition in the Making},
    journaltitle={Olean Times Herald},
    volume={June 17},
    year=2024
}

@Book{Levine:Writing,
    editor={Levine, Victoria Lindsay},
    title={Writing American Indian Music: Historic Transcriptions, Notations,
        and Arrangements},
    location={Middletown, WI},
    publisher={American Musicological Society},
    year=2002
}

@Book{Boyle:ArcheologicalReport,
    author={Boyle, David},
    title={Archæological Report 1898: Being part of the Appendix to the Report
        of the Minister of Education, Ontario},
    location={Toronto},
    publisher={Warwick Bros. \&{} Rutter},
    year=1898
}

@Unpublished{Jemison:URpanel,
    author={Jemison, G. Peter},
    note={Panel presentation at the University of Rochester, Nov. 11},
    year=2021
}

@Article{Taft:Berakah,
    author={Taft, Robert},
    title={Response to the Berakah Award},
    year=2018,
    journaltitle={Pray Tell Blog},
    url={https://praytellblog.com/index.php/2018/11/02/robert-taft-award-response/},
    note={Address given in 1985}
}

@InCollection{Koskoff:WomenRitual,
    author={Koskoff, Ellen},
    year=2014,
    title={Both In and Between: Women's Musical Roles in Ritual Life},
    booktitle={A Feminist Ethnomusicology: Writings on Music and Gender},
    pages={44-55},
    location={Urbana, IL},
    publisher={University of Illinois Press}
}

@Unpublished{AlleganySingers:Interview-2022_09_17,
    author={Block, John and Crouse, Sr., Bill and George, Jake and Dowdy,
        Jacob},
    note={Interview at the Steamburg Community Center, Steamburg, NY,
        September 17},
    year=2022
}

@Unpublished{Block:Interview-2024_07_25,
    author={Block, John},
    note={Interview at the Faithkeeper School, Steamburg, NY, July 25},
    year=2024
}

@Book{Oberg:Peacemakers,
    author={Oberg, Michael Leroy},
    title={Peacemakers: The Iroquois, The United States, and the Treaty of
        Canandaigua, 1794},
    location={New York},
    publisher={Oxford University Press},
    year=2016
}

@Book{Tehanetorens:Wampum,
    author={{Tehanetorens [Ray Fadden]}},
    title={Wampum Belts of the Iroquois},
    location={Summertown, TN},
    publisher={Book Publishing Company},
    year=1999
}

@InCollection{JohnsonWilliams:ArchivalSound,
    author={Johnson-Williams, Erin},
    title={Enclosing Archival Sound: Colonial Singing as Discipline and
        Resistance},
    editor={Davies, R. B. and Johnson-Williams, Erin},
    booktitle={Intersectional Encounters in the Nineteenth-Century Archive:
        New Essays on Power and Discourse},
    location={New York},
    publisher={Bloomsbury},
    pages={115--136},
    year=2022
}

@Article{Baron:OperaCarlisle,
    author={Baron, Derek},
    title={Opera and Land: Settler Colonialism and the Geopolitics of Music at
        the Carlisle Indian Industrial School},
    journaltitle={Journal of the Society for American Music},
    year=2024, 
    volume=18,
    pages={128--154},
    url={doi:10.1017/S1752196324000075}
}

@Book{MacPherson:IroquoisSongs,
    author={MacPherson, Stewart},
    title={Six Songs based on Iroquois Melodies},
    note={English words by M. C. Gillington},
    location={London},
    publisher={Joseph Williams Ltd.},
    year=1904
}

@Article{Smithsonian:IndianReligiousFreedom,
    author={Zotigh, Dennis},
    title={Native Perspectives on the 40th Anniversary of the American Indian
        Religious Freedom Act},
    journaltitle={Smithsonian Voices: National Museum of the American Indian},
    note={Nov. 30},
    year=2018,
    url={https://www.smithsonianmag.com/blogs/national-museum-american-indian/2018/11/30/native-perspectives-american-indian-religious-freedom-act/}
}

@Book{Simpson:Mohawk,
    author={Simpson, Audra},
    title={Mohawk Interruptus: Political Life across the Borders of Settler
        States},
    location={Durham, NC},
    publisher={Duke University Press},
    year=2014
}

@Report{Green:SenecaHymnody,
    entrysubtype={unpublished},
    author={Green, Debra Kathryn},
    title={The Hymnody of the Seneca Native Americans of Western New
        York},
    institution={DMA thesis, University of Cincinnati College-Conservatory of Music},
    year=1993
}

@Article{OGrady:OneidaSingingSocieties,
    author={O'Grady, Terence J.},
    title={The Singing Societies of Oneida},
    journaltitle={American Music},
    volume=9,
    number=1,
    year=1991,
    pages={67--91}
}

@Article{Hauptman:CleoHewitt,
    author={Hauptman, Laurence M.},
    title={The Musical Odyssey of Cleo Hewitt, Cattaraugus Seneca, 1889--1987},
    journaltitle={New York History},
    volume=100,
    number=2,
    pages={246--268},
    year=2019
}

@Book{Deloria:Unexpected,
    author={Deloria, Philip J.},
    title={Indians in Unexpected Places},
    location={Lawrence, KS},
    publisher={University Press of Kansas},
    year=2004
}

@Book{McPhee:Iroquois,
    author={McPhee, Colin},
    title={Four Iroquois Dances},
    location={New York},
    publisher={New Music Society},
    year=1945
}

@Book{Hauptman:Kinzua,
    author={Hauptman, Laurence M.},
    title={In the Shadow of Kinzua: The Seneca Nation of Indians since World
        War II},
    location={Syracuse, NY},
    publisher={Syracuse University Press},
    year=2014
}

@Book{Hauptman:Struggle,
    author={Hauptman, Laurence M.},
    title={The Iroquois Struggle for Survival: World War II to Red Power},
    location={Syracuse, NY},
    publisher={Syracuse University Press},
    year=1986
}

@Book{Graham:MushHole,
    editor={Graham, Elizabeth},
    title={The Mush Hole: Life at Two Indian Residential Schools},
    location={Waterloo, Ontario},
    publisher={Heffle Publishing},
    year=1997,
    keywords={residential schools, Canada First Nations}
}

@Book{Wright:Elevator_1846-11-17,
    author={Wright, Asher},
    title={Ne Jaguħ’nig̱o̱’ă̱ges'gwathaħ (The Mental Elevator)},
    location={Cattaraugus Reservation},
    note={November 17},
    year=1846
}

@Article{Reed:DelawareSkinDance,
    author={Reed, Susan Taffe},
    title={Colonization's Chain: Tracing the Links that Bond Communities
        through the Delaware Skin Dance},
    journaltitle={Ethnomusicology Review},
    url={https://ethnomusicologyreview.ucla.edu},
    year=2022,
    keywords={Haudenosaunee, social dance, Earth Songs, Delaware,
        intercultural exchange, Native American music, ethnomusicology,
        history}
}

@Book{Woodland:SoundOfDrum,
    author={{Woodland Cultural Centre}},
    title={Sound of the Drum: A Resource Guide},
    location={Brantford, Ontario},
    publisher={Woodland Cultural Centre},
    year=1990,
    keywords={music, Haudenosaunee, ethnography}
}

@Book{Bardeau:Creation,
    author={Bardeau, {Phyllis Eileen Wms.}},
    title={A Woodland Creation Story: A Concise Version by Phyllis E. Wms.
        Bardeau of the Original Iroquois Creation Story as Told by John A.
            Gibson in the 1890s},
    location={Salamanca, NY},
    publisher={Allegany Language Department, Seneca Nation of Indians},
    year=2017,
    keywords={Seneca, Haudenosaunee, folklore, mythology, religion, oral
        tradition}
}

@Article{Jemison:HaudenosauneeSongsPodcast,
    author={Jemison, Ansley and Reuben, Cole},
    title={Haudenosaunee Songs and the Origin of the Sing},
    journaltitle={The Original Peoples Podcast Ongwehonwe},
    url={https://podcasters.spotify.com/pod/show/originalpeoplespodcast/episodes/Haudenosaunee-Songs-and-the-Origin-of-the-Sing-w-Cole-Reuben-Tonawanda-Seneca--Snipe-Clan-e2gucrq},
    note={March 12},
    year=2024,
    keywords={Haudenosaunee, Native music, Earth Songs, history}
}

@Book{Parker:SenecaMyths,
    author={Parker, Arthur C.},
    title={Seneca Myths and Folk Tales},
    location={Lincoln, NE},
    publisher={University of Nebraska Press},
    year=1923,
    keywords={Seneca, Haudenosaunee, folklore, mythology, religion, oral
        tradition}
}

@Report{Snyder:SenecaFirstYear,
    author={Snyder, Gayanëö:wi’ (Jacky)},
    title={Deadiwenöhsnye's Gëjóhgwa' 1st Year Adult Immersion Program
        Introductory Grammar},
    location={Salamanca, NY},
    institution={Allegany Language Department, Seneca Nation of Indians},
    year=2018,
    keywords={Seneca language, linguistics}
}

@Book{Shenandoah:HumanBeing,
    author={Shenandoah, Tadodaho Chief Leon},
    title={To Become a Human Being: The Message of Tadodaho Chief Leon
        Shenandoah},
    editor={Wall, Steve},
    location={Charlottesville, VA},
    publisher={Hampton Roads},
    year=2001,
    keywords={Haudenosaunee, Native indigenous spirituality, religion}
}

@Book{Fixico:UsedToSay,
    author={Fixico, Donald L.},
    title={\mkbibquote{That’s What They Used to Say}: Reflections on American
        Indian Oral Traditions},
    location={Norman, OK},
    publisher={University of Oklahoma Press},
    year=2017
}

@Book{Fixico:Mind,
    author={Fixico, Donald L.},
    title={The American Indian Mind in a Linear World: American Indian Studies
    and Traditional Knowledge},
    location={New York},
    publisher={Routledge},
    year=2003,
    keywords={indigenous studies, methodology, epistemology, philosophy of
        research}
}

@Book{Chafe:Thanksgiving,
    author={Chafe, Wallace L.},
    title={Seneca Thanksgiving Rituals},
    location={Washington, DC},
    publisher={United States Government Printing Office},
    year=1961,
    series={Smithsonian Institution Bureau of American Ethnology},
    number={183},
    keywords={Seneca, Haudenosaunee, linguistics, ceremony}
}

@Report{Sundown:Ganonyok,
    entrysubtype={unpublished},
    author={Sundown, Corbett},
    title={Ganö:nyök, August 1, 1959},
    location={Salamanca, NY},
    institution={Allegany Language Department, Seneca Nation of Indians},
    year=1959,
    keywords={Seneca language, Haudenosaunee, linguistics}
}

@Book{Dowdy:GanonyokColoringBook,
    author={Dowdy, Sandra},
    title={Ganö:nyök Coloring Book},
    note={Illustrations by Bill Crouse, Sr.},
    location={Salamanca, NY},
    publisher={Allegany Language Department, Seneca Nation of Indians},
    year=2017,
    keywords={Seneca language, Haudenosaunee, linguistics}
}

@Report{Bowen:WoodlandGanonyok,
    entrysubtype={unpublished},
    author={Bowen, Ja:no’s},
    title={Ganö:nyök for the Woodland Cultural Center},
    location={Salamanca, NY},
    institution={Allegany Language Department, Seneca Nation of Indians},
    year=2022,
    keywords={Seneca language, Haudenosaunee, linguistics}
}

@Report{Bowen:InstructionalContent,
    entrysubtype={unpublished},
    author={Bowen, Ja:no’s},
    title={Updated Instructional Content for Online Course (Novice Low--Very
            Beginner Class)},
    location={Salamanca, NY},
    institution={Allegany Language Department, Seneca Nation of Indians},
    year=2021,
    keywords={Seneca language, Haudenosaunee, linguistics}
}

@Report{SenecaLanguageMap,
    entrysubtype={unpublished},
    title={Onödowa’ga:’ Gawë:nö’ Level 1: Language Map},
    author={Bowen, Ja:no’s (Janine) and Dowdy, Gajehsöh (Sandy) and Chafe,
        Wallace},
    note={Illustrations by Bill Crouse, Sr.},
    location={Salamanca, NY},
    institution={Allegany Language Department, Seneca Nation of Indians},
    year=2019,
    keywords={Seneca language, Haudenosaunee, linguistics}
}

@Unpublished{CornplanterJ:Interview-1948_08_26,
    author={Cornplanter, Jesse},
    note={Interview with William Fenton and Gertrude Kurath, August 26,
        American Philosophical Society Mss. Rec. 138.06/02-01},
    url={https://search.amphilsoc.org/collections/view?docId=ead/Mss.Rec.138-ead.xml},
    year=1948,
    keywords={Haudenosaunee Seneca social dance, Corn Dance, Earth Songs, oral
        tradition, ceremony}
}

@Book{Lafitau:Moeurs,
    author={Lafitau, Joseph François},
    title={{Mœurs des sauvages Ameriquains, comparees aux mœurs des premiers
        temps}},
    langid={french},
    location={Paris},
    year=1724,
    keywords={ethnography, comparative religion, early European accounts of
        Native Americans, intercultural encounters, anthropology, early
            modern, Jesuits, Canada, Hurons, Haudenosaunee Iroquois}
}
@Article{GillreathBrown:TurtleRattles,
    author={Gillreath-Brown, Andrew},
    title={Creation to Rhythm: An Ethnographic and Archaeological Survey of
        Turtle Shell Rattles and Spirituality in the United States},
    journaltitle={Journal of Ethnobiology},
    volume=39,
    number=3,
    pages={425--444},
    year=2019,
    url={https://doi.org/10.2993/0278-0771-39.3.425},
    keywords={turtle shell rattles, Native American animal relationships,
        turtles, USA, Native musical instruments, indigenous religion}
}

@Article{Ganondagan:WhiteCorn,
    author={Ganondagan},
    title={About the White Corn Project},
    journaltitle={Ganondagan State Historic Site},
    year=2023,
    url={https://ganondagan.org/whitecorn/about},
    keywords={corn, Iroquois Haudenosaunee, ecology}
}

@Article{Ganondagan:ThreeSisters,
    author={Ganondagan},
    title={Legend of the Three Sisters},
    journaltitle={Ganondagan State Historic Site},
    year=2023,
    url={https://ganondagan.org/learn/legend-of-the-three-sisters},
    keywords={corn, Iroquois Haudenosaunee folklor beliefs, ecology, beans,
        squash, foodways}
}

@Article{Sturtevant:IroquoisInstruments,
    title={Seneca Indian Singing Tools at Coldspring Longhouse: Musical
        Instruments of the Modern Iroquois},
    author={Conklin, Harold C. and Sturtevant, William C.},
    journaltitle={Proceedings of the American Philosophical Society},
    volume=97,
    number=3,
    year=1953,
    pages={262–290},
    url={https://www.jstor.org/stable/3143749},
    keywords={Haudenosaunee musical instruments, organology}
}

@Book{Sherman:SiouxChef,
    author={Sherman, Sean and Dooley, Beth},
    title={The Sioux Chef's Indigenous Kitchen},
    location={Minneapolis, MN},
    publisher={University of Minneapolis Press},
    year=2017,
    keywords={cooking, indigenous foodways, cookbook}
}

@Article{Schillaci:IroquoianLinguisticClues,
    author={Schillaci, Michael A. and Kopris, Craig and Wichmann, Søren and
        Dewar, Genevieve},
    title={Linguistic Clues to Iroquoian Prehistory},
    journaltitle={Journal of Anthropological Research},
    year=2017,
    volume=73,
    number=3,
    pages={448--485},
    url={https://doi.org/10.1086/693055},
    keywords={historical linguistics, Iroquois Haudenosaunee languages,
        prehistory}
}

@Article{HartLovis:MaizeHistories,
    author={Hart, John P. and Lovis, William A.},
    title={Reevaluating What We Know about the Histories of Maize in
        Northeastern North Ameria: A Review of Current Evidence},
    journaltitle={Journal of Archeological Research},
    volume=21,
    number=2,
    year=2013,
    pages={175--216},
    keywords={corn, archeology, paleobotany, domesticated plants,
        Haudenosaunee Iroquois, prehistory, settlement}
}


@Article{Pearce:Turtles,
    author={Pearce, Robert J.},
    title={Turtles from Turtle Island: An Archaeological Perspective from
        Iroquoia},
    journaltitle={Ontario Archaeology},
    number={79/80},
    pages={88--108},
    year=2005,
    keywords={Iroquois Haudenosaunee archeology, Ontario, turtles,
        turtle-shell rattles, musical instruments, prehistoric music, 
    Native American music}
}

@Book{Kimmerer:Sweetgrass,
    author={Kimmerer, Robin Wall},
    title={Braiding Sweetgrass:
        Indigenous Wisdom, Scientific Knowledge, and the Teachings of Plants},
    shorttitle={Braiding Sweetgrass},
    location={Minneapolis, MN},
    publisher={Milkweed Editions},
    year=2013,
    keywords={botany, plants, indigenous traditional knowledge, ecology}
}

@Collection{ArchaeologyIroquois,
    editor={Kerber, Jordan E.},
    title={Archaeology of the Iroquois: Selected Readings and Research
        Sources},
    shorttitle={Archaeology of the Iroquois},
    location={Syracuse, NY},
    publisher={Syracuse University Press},
    year=2007,
    keywords={archaeology, Iroquois Haudenosaunee, New York state}
}

@InCollection{Hart:MaizeNY,
    author={Hart, John P. and Thompson, Robert G. and Brumbach, Hetty Jo},
    title={Phytolith Evidence for Early Maize (\mkbibemph{Zea mays}) in 
        the Northern Finger Lakes Region of New York},
    crossref={ArchaeologyIroquois},
    pages={93--123},
    keywords={corn, agriculture, archeology, Iroquois Haudenosaunee, New York state}
}
    

@Unpublished{Washington:SullivanCampaign,
    author={Washington, George},
    title={Letter to Major General John Sullivan, 31 May 1779},
    url={https://founders.archives.gov/documents/Washington/03-20-02-0661},
    publisher={National Archives},
    year=1779,
    keywords={Sullivan campaign, warfare against Haudenosaunee Iroquois,
        US Revolutionary War, George Washington}
}

@Article{NPS:ClintonSullivan,
    author={{National Park Service}},
    title={The Clinton-Sullivan Campaign of 1779},
    journaltitle={Fort Stanwix National Monument},
    url={https://www.nps.gov/articles/000/the-clinton-sullivan-campaign-of-1779.htm},
    publisher={National Parks Service},
    year=2024,
    keywords={NY State military history, warfare against Haudenosaunee
        Iroquois, US Revolutionary War, George Washington}
}

@Book{SettlingNAmerica,
    editor={Tanner, Helen Hornbeck},
    title={The Settling of North America:
        The Atlas of the Great Migrations into North America from
            the Ice Age to the Present},
    shorttitle={The Settling of North America},
    location={New York},
    publisher={Macmillan},
    year=1995,
    keywords={Native American history, geography, maps, land,
        migration, settlement, North American demography}
}

@Book{AtlasNAmericanIndian,
    author={Waldman, Carl},
    edition={Revised ed.},
    title={Atlas of the North American Indian},
    location={New York},
    publisher={Checkmark Books},
    year=2000,
    keywords={Native American history, geography, maps, land}
}
        

@Unpublished{GeorgeAl:Interview-2024_03,
    author={George, Al},
    note={Interview at the Seneca Allegany Community Center, Salamanca, NY,
        Mar. 12},
    year=2024,
    keywords={Haudenosaunee Seneca social dance, earth songs, oral tradition}
}

@Unpublished{CrouseAshlyn:Interview-2023_09,
    author={Crouse, Ashlyn and Dowdy, Roslyn},
    note={Interview at Ganondagan State Historic Site, Victor, NY, Sept. 15},
    year=2023,
    keywords={Haudenosaunee Seneca social dance, earth songs, women's dance,
        gender, tradition}
}

@Book{Barradas:Son,
    title={Mario Barradas and Son {Jarocho}:
        The Journey of a Mexican Regional Music},
    author={Broyles-González, Yolanda and Figueroa Hernández, Rafael and
        González, Francisco},
    location={Austin, TX},
    publisher={University of Texas Press},
    year=2022,
    keywords={indigenous music, Mexico, folk music, son Jarocho, Veracuruz,
        performers, dance}
}


@Book{Mohawk:Thinking,
    author={Mohawk, John},
    title={Thinking in Indian: A {John Mohawk} Reader},
    editor={Barreiro, José},
    location={Golden, CO},
    publisher={Fulcrum},
    year=2010,
    keywords={Native American Haudenosaunee Seneca philosophy, worldview,
        religion, theology, environment, activism, politics, technology}
}

@Book{Cashner:HearingFaith,
    author={Cashner, Andrew A.},
    title={Hearing Faith: Music as Theology in the Spanish Empire},
    shorttitle={Hearing Faith},
    location={Leiden},
    publisher={Brill},
    series={Studies in the History of Christian Traditions},
    number={194},
    year={2020},
    url={https://doi.org/10.1163/9789004431997}
%    url={https://rochester.primo.exlibrisgroup.com/permalink/01ROCH_INST/1vg5sr1/alma9978277151705216}
}


@Book{LuisdeGranada:Simbolo,
  Title                    = {Introducción del símbolo de la fe},
  Author                   = {Granada, Luis de},
  Year                     = {1871},
  Location                 = {Madrid},
  Number                   = {6},
  Publisher                = {M. Rivadeneyra},
  Series                   = {Biblioteca de autores españoles},

  Keywords                 = {primary, 1-theology,shortlist},
  Langid                   = {spanish},
  Origdate                 = {1583}
}


@Book{Richter:FacingEast,
    author={Richter, Daniel K.},
    title={Facing East from Indian Country: A Native History of Early
        America},
    location={Cambridge, MA},
    publisher={Harvard University Press},
    year=2001,
    keywords={Native American history, early America colonial history,
        revisionist history, decolonization}
}

@Article{Eason:RobinFlight,
%    author={Eason, Perri K. and Sherman, Peter T. and Rankin, Otwell and
%        Coleman, Brian},
    author={Eason, Perri K. and Sherman, Peter T. and others},
    title={Factors affecting Flight Initiation Distance in American Robins},
    journaltitle={The Journal of Wildlife Management},
    volume=70,
    number=6,
    pages={1796--1800},
    year=2010,
    keywords={American robin, ornithology, biology, ecology, human-animal
        relationships}
}

@Article{ClucasMarzluff:UrbanBirdAttitudes,
    author={Clucas, Barbara and Marzluff, John M.},
    title={Attitudes and Actions toward Birds in Urban Areas: Human Cultural
        Differences Influence Bird Behavior},
    journaltitle={The Auk},
    volume=129,
    number=1,
    year=2012,
    pages={8--16},
    url={https://www.jstor.org/stable/10.1525/auk.2011.11121},
    keywords={American robin, ornithology, biology, ecology, human-animal
        relationships}
}

@Article{Miller:RobinLightPollution,
    author={Miller, Mark W.},
    title={Effects of Light Pollution on Singing Behavior of American Robins},
    journaltitle={The Condor},
    volume=108,
    number=1,
    year=2006,
    pages={130--139},
    url={https://www.jstor.org/stable/4123202},
    keywords={American robin, ornithology, biology, ecology, human-animal
        relationships}
}

@InCollection{Avery:NativeClassical,
    author={Avery, Dawn Ierihó:kwats},
    title={Native Classical Music: \mkbibemph{Non:wa} (Now)},
    crossref={LevineRobinson:MusicModernity},
    pages={198--219},
    keywords={Native American music, classical music, modernism,
        modernity, Haudenosaunee, Mohawk, Navajo}
}

@InCollection{Conyers:Charleston,
    title={Charleston (ii)},
    author={Conyers, Claude},
    year=2013,
    booktitle={Grove Music Online},
    url={https://doi-org.ezp.lib.rochester.edu/10.1093/gmo/9781561592630.article.A2218810},
    keywords={jazz, Charleston, dance, Black music, Broadway musical}
}

@Book{MackJohnson:Charleston,
    author={Mack, Cecil and Johnson, Jimmy [James P.]},
    title={Charleston: From the Musical Production \mkbibquote{Runnin' Wild}},
    location={New York},
    publisher={Harms},
    year=1923,
    keywords={jazz, Charleston, dance, Black music, Broadway musical, sheet
        music}
}

@Book{Deloria:PlayingIndian,
    author={Deloria, Philip J.},
    title={Playing Indian},
    location={New Haven},
    publisher={Yale University Press},
    year=1998,
    keywords={Indians of North America -- Public opinion}
}

@Article{CharlestonRoots,
    title={Tracing the Roots of the \mkbibquote{Charleston} Dance},
    author={Butler, Nic},
    journaltitle={Charleston Time Machine},
    volume={episode 166},
    note={Charleston County Public Library},
    url={https://www.ccpl.org/charleston-time-machine/tracing-roots-charleston-dance},
    year=2020,
    keywords={dance history, Charleston, Black music}
}

@Article{ArthurMurrayObit,
    author={Pace, Eric},
    title={Arthur Murray, Dance Teacher, Dies at 95},
    year=1991,
    journaltitle={The New York Times},
    issue={March 4},
    url={https://www.nytimes.com/1991/03/04/obituaries/arthur-murray-dance-teacher-dies-at-95.html},
    keywords={Arthur Murray, dance history}
}

@Article{EdwardianHats,
    author={Thomas, Pauline},
    title={Edwardian Hats \&{} Hairstyles; Fashion History 1900–1920},
    journaltitle={Fashion Era},
    url={https://fashion-era.com/hats-hair/1900-1920s},
    year=2022,
    keywords={fashion, playing Indian, 1910s, 1920s, hats}
}

@InCollection{CornellBirds:Robin,
%    author={Vanderhoff, N. and Pyle, P. and Patten, M. A. and Sallabanks, R.
%        and James, F. C.},
    author={Vanderhoff, N. and Pyle, P. and others},
    title={American Robin (Turdus migratorius)},
    note={Version 1.0},
    year=2020,
    booktitle={Birds of the World},
    editor={Rodewald, P. G.},
    location={Ithaca, NY},
    publisher={Cornell Lab of Ornithology},
    url={https://doi-org.ezp.lib.rochester.edu/10.2173/bow.amerob.01},
    keywords={birds, science, robin, natural history}
}

@InCollection{GaleScience:Robins,
    author={Freedman, Bill and Frost, Randall},
    title={Robins},
    booktitle={The Gale Encyclopedia of Science},
    editor={Lerner, K. Lee and Lerner, Brenda Wilmoth},
    edition={5th ed.},
    volume=7,
    pages={3779–3780},
    year=2023,
    keywords={birds, science, robin, natural history}
}

@Unpublished{Casey-Pfifer-IndianTown,
    author={Casey, Shawn P.},
    note={Letter to Richard Pfifer, Associate Vice President of Facilities and
        Services, University of Rochester, Jan. 17, University of Rochester Rare Books and Special Collections, courtesy Melissa Mead},
    year=2002,
    keywords={University of Rochester, Indian Town, indigenous history,
        Algonquins}
}

@Unpublished{Ritchie-Guthe-IndianTown,
    author={Ritchie, William A.},
    note={Letter to Dr. Alfred K. Guthe, Rochester Museum of Arts and
        Sciences, Oct. 23, University of Rochester Rare Books and Special Collections, courtesy Melissa Mead},
    year=1953,
    keywords={University of Rochester, Indian Town, indigenous history,
        Algonquins}
}

@Unpublished{Guthe-Corey-IndianTown,
    author={Guthe, Alfred K.},
    note={Letter to Dr. Albert B. Corey, State Historian, Oct. 20, University of Rochester Rare Books and Special Collections, courtesy Melissa Mead},
    year=1953,
    keywords={University of Rochester, Indian Town, indigenous history,
        Algonquins}
}

@Unpublished{Tyrrell-Guthe-IndianTown,
    author={Tyrrell, William G.},
    note={Letter to Dr. Alfred K. Guthe, Rochester Museum of ARts and
        Sciences, Oct. 26, University of Rochester Rare Books and Special
            Collections, courtesy Melissa Mead},
    year=1953,
    keywords={University of Rochester, Indian Town, indigenous history,
        Algonquins}
}

@Unpublished{Harris:BoyhoodNarrative,
    author={Harris, George Henry},
    title={[Narrative of a Genesee Country Boyhood]},
    note={University of Rochester Rare Books and Special Collections Mss. AH32
        Aisle 5E A7, box 1, no. 5, undated, cataloged as \mkbibquote{Autobiography}},
    year=1893,
    keywords={local history, frontier pioneer narrative, indigenous history,
        Seneca Indians, University of Rochester}
}

@Unpublished{Harris:AboriginalIrondequoit,
    author={Harris, George Henry},
    title={Aboriginal History of Irondequoit},
    note={University of Rochester Rare Books and Special Collections Mss. AH32
        Aisle 5E A7, box 1, no. 2},
    year=1882,
    keywords={Native American indigenous history, Irondequoit, local history}
}

@Article{Ntshangase:IndianTown,
    author={Ntshangase, Sakhile},
    title={UR Can Do \mkbibquote{Ever Better} in Honoring Native American Land
        on which It Stands},
    journaltitle={[University of Rochester] Campus Times},
    number={April 21},
    year=2019,
    keywords={University of Rochester, Indian Town, indigenous history,
        Algonquins, indigenous land rights, land acknowledgment}
}

@Article{Selden:CornFed,
    author={Selden, George D.},
    title={Corn-Fed Indians Liked Oak Hill},
    journaltitle={Rochester Alumni Review},
    volume=6,
    number=4,
    pages={10--12},
    year=1938,
    keywords={University of Rochester, Indian Town, indigenous history,
        Algonquins}
}

@Article{URCampusTimes:AlgonkinVillage,
    author={{CT Staff}},
    title={Sign Marks Location of Ancient Algonkin Village on UR Campus},
    journaltitle={\mkbibemph{[University of Rochester] Campus Times}},
    number={January 23},
    year=2003,
    url={https://www.campustimes.org/2003/01/23/sign-marks-location-of-ancient-algonkin-village-on-ur-campus/},
    keywords={University of Rochester, Indian Town, indigenous history,
        Algonquins}
}

@Unpublished{Young:Letter-Algonquin,
    author={Young, Mary},
    note={Letter to Judy Brown, University of Rochester, Nov. 11; University
        of Rochester Rare Books and Special Collections, courtesy Melissa
        Mead},
    year=1982,
    keywords={University of Rochester, Indian Town, indigenous history,
        Algonquins}
}



@Book{UN:DeclarationIndigenous,
    author={{United Nations}},
    title={United Nations Declaration on the Rights of Indigenous Peoples},
    url={https://www.un.org/development/desa/indigenouspeoples/declaration-on-the-rights-of-indigenous-peoples.html},
    year=2007,
    keywords={indigenous peoples, international law}
}

@Book{Amrhein:NativeLandRightsNY,
    author={Amrhein, Cindy},
    title={A History of Native American Land Rights in Upstate New York},
    location={Charleston},
    publisher={The History Press},
    year=2016,
    keywords={land rights, treaties, law, Iroquois/Haudenosaunee, New York
        state, history}
}

@Book{Bardeau:Dictionary,
    author={Bardeau, {Phyllis Eileen Wms.}},
    editor={Cardinal, Jaré},
    title={Definitive Seneca: It's in the Word},
    shorttitle={Definitive Seneca},
    location={Salamanca, NY},
    publisher={RAJ Publications},
    year=2010,
    keywords={linguistics, Seneca language, indigenous author}
}

@Book{BasicCall,
    author={Mohawk, John and others},
    editor={{Akwesasne Notes}},
    title={Basic Call to Consciousness},
    location={Summertown, TN},
    publisher={Native Voices},
    year=2005,
    keywords={Native American theology, philosophy, worldview, sovereignty,
        decolonization, anticolonial theory, international relations, ethics,
        Haudenosaunee}
}

@Book{Browner:FirstNations,
    editor={Browner, Tara},
    title={Music of the First Nations: Tradition and Innovation in Native
        North America},
    shorttitle={Music of the First Nations},
    location={Urbana, IL},
    publisher={University of Illinois Press},
    year=2009,
    keywords={Native American music, ethnomusicology, contemporary, US,
        Canada, modernity}
}

@Book{Browner:Heartbeat,
    author={Browner, Tara},
    title={Heartbeat of the People: Music and Dance of the Northern Pow-wow},
    shorttitle={Heartbeat of the People},
    location={Urbana, IL},
    publisher={University of Illinois Press},
    year=2002,
    keywords={Native american music, intertribal music, public festivals,
        intercultural exchange, popular music, dance, identity, US
        contemporary music}
}

@Article{Caldwell:Kurath,
    author={Caldwell, Mary Channen},
    title={\mkbibquote{The Place of Dance in Human Life}: Perspectives on the
        Fieldwork and Dance Notation of Gertrude P. Kurath},
    shorttitle={\mkbibquote{The Place of Dance in Human Life}},
    journaltitle={{Danse au Canada}},
    volume=30,
    number=1,
    year=2008,
    pages={21--40},
    keywords={Kurath, ethnography, dance, anthropology, ethics, fieldwork,
        notation, Haudenosaunee}
}

@Book{Chafe:Grammar,
    author={Chafe, Wallace L.},
    title={A Grammar of the Seneca Language},
    series={Linguistics},
    number=149,
    location={Berkeley},
    publisher={University of California Press},
    year=2015,
    keywords={linguistics, Seneca language}
}

@Book{Chafe:SenecaDictionary,
    author={Chafe, Wallace L. and Austin, Alberta and Bardeau, Phyllis and
        others},
    title={English--Seneca Dictionary},
    location={Salamanca (NY), Allegany Territory, Seneca Nation of Indians},
    publisher={Seneca Nation of Indians, Seneca Language Department},
    year=2019,
    url={https://senecalanguage.com/english-seneca-dictionary-chafe-1/},
    keywords={Seneca language, linguistics, dictionary}
}

@InCollection{Christen:Mukurtu,
    author={Christen, Kimberly},
    title={\mkbibquote{The Songline Is Alive in Mukurtu}: Return, Reuse, and
        Respect},
    shorttitle={\mkbibquote{The Songline Is Alive in Mukurtu}},
    booktitle={Archival Returns: Central Australia and Beyond},
    editor={Barwick, Linda Barwick and Green, Jennifer and Vaarzon-Morel,
        Petronella},
    pages={153--172},
    year=2019,
    keywords={Native American research methods, archives, libraries, ethics,
        online publication, digital media, repatriation}
}

@InCollection{Christen:RelationshipsNotRecords,
    author={Christen, Kimberly},
    title={Relationships, Not Records: Digital Heritage and the Ethics of
        Sharing Indigenous Knowledge Online},
    shorttitle={Relationships, Not Records},
    booktitle={The Routledge Companion to Media Studies and Digital
        Humanities},
    editor={Sayers, Jentery},
    location={New York},
    publisher={Routledge},
    year=2018,
    pages={403--412},
    keywords={Native American research methods, archives, libraries, ethics,
        online publication, digital media, repatriation}
}

@Collection{CHWorldMusic,
  Title     = {The Cambridge History of World Music},
  Editor    = {Bohlman, Philip V.},
  Year      = {2013},
  Location  = {Cambridge},
  Publisher = {Cambridge University Press},
  Keywords  = {world-music,ethnomusicology,music-historiography},
}

@Book{Deloria:Custer,
    author={{Deloria, Jr.}, Vine},
    title={Custer Died for Your Sins: An Indian Manifesto},
    shorttitle={Custer Died for Your Sins},
    location={New York},
    publisher={Macmillan},
    year=1969,
    keywords={Native American rights, activism, critique of anthropology,
        critical race studies, racism, injustice, politics
    }
}    

@Book{Deloria:BrokenTreaties,
    author={{Deloria, Jr.}, Vine},
    title={Behind the Trail of Broken Treaties: An Indian Declaration of
        Independence},
    shorttitle={Behind the Trail of Broken Treaties},
    edition={revised ed.},
    location={Austin},
    publisher={University of Texas Press},
    year=1985,
    keywords={land rights, treaties, sovereignty, activism, law, Sioux/Lakota,
        history, 20C, indigenous author}
}

@Incollection{Diamond:NativeAmericanHistory,
  Title                    = {Native American Ways of \mkbibparens{Music} History},
  Author                   = {Diamond, Beverley},
  Pages                    = {155--180},
  Crossref                 = {CHWorldMusic},
  Keywords                 = {native-americans,historiography},
}

@Book{Diamond:NativeAmericanNortheast,
    author={Diamond, Beverley},
    title={Native American Music in Eastern North America: Experiencing Music,
        Expressing Culture},
    shorttitle={Native American Music in Eastern North America},
    location={New York},
    publisher={Oxford University Press},
    year=2008,
    keywords={Native American music, northeast USA, Haudenosaunee,
        ethnomusicology}
}

@Book{Eyerly:Moravian,
    author={Eyerly, Sarah Justina},
    title={Moravian Soundscapes: A Sonic History of the Moravian Missions in
        Early Pennsylvania},
    shorttitle={Moravian Soundscapes},
    location={Bloomington, IN},
    publisher={Indiana University Press},
    year=2020,
    keywords={indigenous, native American music, Pennsylvania, US history,
        Moravians, missions, religion, sound studies, colonial, early modern,
        sacred song}
}

@Book{Fenton:GreatLaw,
    author={Fenton, William N.},
    title={The Great Law and the Longhouse: A Political History of the
        Iroquois Confederacy},
    shorttitle={The Great Law and the Longhouse},
    location={Norman, OK},
    publisher={University of Oklahoma Press},
    year=1998,
    keyword={Haudenosaunee, Iroquois, ritual, ethnohistory}
}

@Book{Fenton:SongsLonghouse,
    author={Fenton, William N.},
    title={Songs from an Iroquois Longhouse: Program Notes for an Album of
        American Indian Music from the Eastern Woodlands},
    shorttitle={Songs from an Iroquois Longhouse},
    location={Washington, DC},
    publisher={Smithsonian Institution},
    year=1942,
    keywords={Haudenosaunee song and dance, Native American music,
        ethnohistory, anthropology, longhouse ceremony}
}

@Book{FentonKurath:EagleDance,
    author={Fenton, William N. and Kurath, Gertrude Prokosch},
    title={The Iroquois Eagle Dance: An Offshoot of the Calumet Dance},
    shorttitle={The Iroquois Eagle Dance},
    location={Washington, DC},
    publisher={United States Government Printing Office},
    year=1953,
    keywords={Haudenosaunee song and dance, Native American music,
        ethnohistory, anthropology, ceremony}
}

@InCollection{Fox:Repatriation,
    author={Fox, Aaron A.},
    title={Repatriation as Reanimation through Reciprocity},
    crossref={CHWorldMusic},
    pages={522--554},
    keywords={indigenous, repatriation, ownership, ethics, archive}
}

@Article{Goodman:IndianPsalmody,
  Title                    = {\mkbibquote{But They Differ from Us in Sound}: Indian Psalmody and the Soundscape of Colonialism, 1651--75},
  Author                   = {Goodman, Glenda},
  Journaltitle             = {The William and Mary Quarterly},
  Year                     = {2012},
  Number                   = {4},
  Pages                    = {793--822},
  Volume                   = {69},
  Shorttitle               = {\mkbibquote{But They Differ from Us in Sound}},
}

@Book{Tehanetorens:Roots,
    author={{Tehanetorens [Ray Fadden]}},
    title={Roots of the Iroquois},
    location={Summertown, TN},
    publisher={Native Voices},
    year=2000,
    keywords={Haudenosaunee, Iroquois, culture, history, worldview}
}

@Book{Nehdowes:OnondowagaTreaties,
    author={{Nëhdöwes [Randy A. John]}},
    title={Onöndowa’ga:’ (Seneca) Treaties},
    location={Salamanca (NY), Allegany Territory, Seneca Nation of Indians},
    publisher={RAJ Publications},
    year=2018,
    keywords={Seneca Nation, Native American history, legal history, political
        history, US foreign relations, treaties, land tenure}
}

@Book{Hauptman:CivilWar,
    author={Hauptman, Laurence M.},
    title={The Iroquois in the Civil War: From Battlefield to Reservation},
    location={Syracuse, NY},
    publisher={Syracuse University Press},
    year=1993,
    keywords={Seneca Nation, Native American history, 19C, political history}
}

@Book{Hauptman:NewDeal,
    author={Hauptman, Laurence M.},
    title={The Iroquois \&{} the New Deal},
    location={Syracuse, NY},
    publisher={Syracuse University Press},
    year=1981,
    keywords={Seneca Nation, Native American history, 20C, political history}
}


@Book{Hauptman:Struggle,
    author={Hauptman, Laurence M.},
    title={The Iroquois Struggle for Survival: World War II to Red Power},
    location={Syracuse, NY},
    publisher={Syracuse University Press},
    year=1986,
    keywords={Seneca Nation, Native American history, 20C, political history}
}


@Book{Hauptman:Circle,
    author={Hauptman, Laurence M.},
    title={Coming Full Circle: The Seneca Nation of Indians, 1848--1934},
    shorttitle={Coming Full Circle},
    location={Norman, OK},
    publisher={University of Oklahoma Press},
    year=2019,
    keywords={Seneca Nation, history, US, dispossession, land tenure, political
        history, 19C}
}

@Book{Hauptman:ConspiracyOfInterests,
    author={Hauptman, Laurence M.},
    title={Conspiracy of Interests: Iroquois Dispossession and the Rise of New
        York State},
    shorttitle={Conspiracy of Interests},
    location={Syracuse, NY},
    publisher={Syracuse University Press},
    year=1999,
    keywords={land rights, treaties, law, Iroquois/Haudenosaunee, New York
        state, transportation, 19C, Erie Canal, history}
}

@Book{Hauptman:Kinzua,
    author={Hauptman, Laurence M.},
    title={In the Shadow of Kinzua: The Seneca Nation of Indians since World
        War II},
    shorttitle={In the Shadow of Kinzua},
    location={Syracuse, NY},
    publisher={Syracuse University Press},
    year=2014,
    keywords={Seneca Nation, history, US, dispossession, land tenure, 20C}
}

@Book{Hertzberg:GreatTree,
    author={Hertzberg, Hazel W.},
    title={The Great Tree and the Longhouse: The Culture of the Iroquois},
    shorttitle={The Great Tree and the Longhouse},
    location={New York},
    publisher={Macmillan},
    year=1966,
    keywords={Haudenosaunee history, culture, worldview, folklore}
}

@Book{Hill:Clay,
    author={Hill, Susan M.},
    title={The Clay We Are Made Of: Haudenosaunee Land Tenure on the Grand
        River},
    shorttitle={The Clay We Are Made Of},
    location={Winnipeg},
    publisher={University of Manitoba Press},
    year=2017,
    keywords={Haudenosaunee, Canada, history, worldview, decolonization, land
        tenure, creation, Six Nations Ontario}
}

@Book{JesuitRelations2,
    editor={Gold Thwaites, Reuben},
    series={The Jesuit Relations and Allied Documents: Travels and Explorations
        of the Jesuit Missionaries in New France 1610--1791},
    volume=2,
    title={Acadia: 1612--1614},
    shorttitle={Jesuit Relations},
    location={Cleveland},
    publisher={Burrows Brothers Co.},
    year=1896,
    keywords={Jesuits, New France, missionaries, Canada, 17C, First Nations,
        Native Americans, cultural encounter}
}

@Article{Krouse:IroquoisSocials,
    author={Krouse, Susan Applegate},
    title={Traditional Iroquois Socials: Maintaining Identity in the City},
    shorttitle={Traditional Iroquois Socials},
    journaltitle={American Indian Quarterly},
    volume=25,
    number=3,
    year=2001,
    pages={400--408},
    keywords={Haudenosaunee, social dance songs, urban, identity,
        contemporary, ethnomusicology, ethnography}
}

@Book{Kurath:IroquoisMusic,
    author={Kurath, Gertrude P.},
    title={Iroquois Music and Dance: Ceremonial Arts of Two Seneca
        Longhouses},
    shorttitle={Iroquois Music and Dance},
    location={Washington, DC},
    publisher={Smithsonian Institution, Bureau of American Ethnology},
    year=1964,
    keywords={Haudenosaunee, Native American music}
}

@Collection{LevineRobinson:MusicModernity,
    editor={Levine, Victoria Lindsay and Robinson, Dylan},
    title={Music and Modernity among First Peoples of North America},
    location={Middletown, CT},
    publisher={Wesleyan University Press},
    year=2019,
    keywords={Native American music, ethnomusicology, contemporary, US,
        Canada, modernity}
}

@Article{McCarthy:Iroquoianist,
    author={McCarthy, Theresa L.},
    title={Iroquoian and Iroquoianist: Anthropologists and the Haudenosaunee
        at Grand River},
    shorttitle={Iroquoian and Iroquoianist},
    journaltitle={Histories of Anthropology Annual},
    volume=4,
    pages={135--171},
    year=2008,
    keywords={anthropology, ethnography, Six Nations Ontario, Haudenosaunee,
        research methods, ethics, insider/outsider, Fenton, Morgan, Parker}
}

@Book{Morgan:League,
    author={Morgan, Lewis Henry},
    title={{League of the Ho-de'-no-sau-nee or Iroquois}},
    location={Rochester, NY},
    publisher={Sage \&{} Brother},
    year=1851,
    keywords={ethnography, Haudenosaunee, Iroquois, history, politics, 17C,
        18C}
}

@Book{Peck:CentennialHistory,
    author={Peck, William F.},
    title={History of Rochester and Monroe County, New York: From the Earliest
        Historic Times to the Beginning of 1907},
    location={New York},
    publisher={The Pioneer Publishing Company},
    year=1908,
    keywords={settler colonization, Rochester, New York state, 19C, history}
}

@Book{Peck:SemiCentennialHistory,
    author={Peck, William F.},
    title={Semi-Centennial History of the City of Rochester},
    location={Syracuse},
    publisher={D. Mason \& Co.},
    year=1884,
    keywords={George Henry Harris, settler colonization, Rochester, New York
        state, 19C, history, frontier history}
}

@Book{Richter:Ordeal,
    author={Richter, Daniel K.},
    title={The Ordeal of the Longhouse: The Peoples of the Iroquois League in
        the Era of European Colonization},
    shorttitle={The Ordeal of the Longhouse},
    location={Chapel Hill, NC},
    publisher={{Omohundro Institute of Early American History and Culture},
        University of North Carolina Press},
    year=1992,
    keywords={Haudenosaunee, Iroquois, history, politics, 17C, 18C}
}

@Book{Robinson:HungryListening,
    author={Robinson, Dylan},
    title={Hungry Listening: Resonant Theory for Indigenous Sound Studies},
    shorttitle={Hungry Listening},
    location={Minneapolis, MN},
    publisher={University of Minnesota Press},
    year=2020,
    keywords={indigenous theory, research methods, sound studies, listening}
}

@Book{Smith:Decolonizing,
    author={Smith, Linda Tuhiwai},
    title={Decolonizing Methodologies: Research and Indigenous Peoples},
    shorttitle={Decolonizing Methodologies},
    location={London},
    publisher={Zed Books},
    year=2012,
    keywords={indigenous, decolonizing, methodology, ethics, modernity}
}

@Book{Spinney:Passamaquoddy,
    author={Spinney, Ann Morrison},
    title={Passamaquoddy Ceremonial Songs: Aesthetics and Survival},
    shorttitle={Passamaquoddy Ceremonial Songs},
    location={Amherst, MA},
    publisher={University of Massachusetts Press},
    year=2010,
    keywords={native American music, Passamaquoddy people, ceremony, ritual,
        historical ethnomusicology, colonial US history, Massachusetts, sacred
        song}
}

@Book{Tinker:Liberation,
    author={Tinker, George E.},
    title={American Indian Liberation: A Theology of Sovereignty},
    shorttitle={American Indian Liberation},
    location={Maryknoll, NY},
    publisher={Orbis Books},
    year=2008,
    keywords={Native American theology, philosophy, worldview; Christian
        theology, decolonization, anticolonial theory, sovereignty, creation,
        ethics, Osage}
}

@Book{Turner:PhelpsGorham,
    author={Turner, O.},
    title={History of the Pioneer Settlement of Phelps and Gorham's Purchase
        and Morris' Reserve},
    location={Rochester, NY},
    publisher={William Alling},
    year=1851,
    keywords={settler colonization, Rochester, New York state, 19C, history,
        pioneers}
}

@Book{Wall:HumanBeing,
    editor={Wall, Steve},
    title={To Become a Human Being: The Message of Tadodaho Chief Leon
        Shenandoah},
    location={Charlottesville, VA},
    publisher={Hampton Roads Publishing},
    year=2001,
    keywords={Native American theology, philosophy, worldview, ethics,
        Haudenosaunee}
}

@Book{Wilson:ResearchCeremony,
    author={Wilson, Shawn},
    title={Research Is Ceremony: Indigenous Research Methods},
    location={Halifax},
    publisher={Fernwood Publishing},
    year=2008,
    keywords={research methods, indigenous peoples, ethics}
}

@Book{Wright:SpellingBook,
    author={Wright, Asher},
    title={Go 'wă̲na̲ gwa'ih sat'haħ yon de'yă̲s dah'gwaħ/A Spelling-Book in the Seneca Language: with English definitions},
    shorttitle={A Spelling-Book in the Seneca Language},
    location={Buffalo-Creek Reservation},
    publisher={Mission Press},
    year=1842,
    keywords={linguistics, Seneca language, dictionary, missionaries, 19C}
}


