/home/andrewacashner/texmf/bibtex/bib/indigenous.bib