@BOOK{Amrhein:NativeLandRightsNY,
  AUTHOR = {Amrhein, Cindy},
  LOCATION = {Charleston},
  PUBLISHER = {The History Press},
  DATE = {2016},
  KEYWORDS = {land rights,treaties,law,Iroquois/Haudenosaunee,New York state,history},
  TITLE = {A History of Native American Land Rights in Upstate New York},
}

@BOOK{Bardeau:Dictionary,
  AUTHOR = {Bardeau, Phyllis Eileen Wms.},
  EDITOR = {Cardinal, Jar√©},
  LOCATION = {Salamanca, NY},
  PUBLISHER = {RAJ Publications},
  DATE = {2010},
  KEYWORDS = {linguistics,Seneca language,indigenous author},
  SHORTTITLE = {Definitive Seneca},
  TITLE = {Definitive Seneca: It's in the Word},
}

@BOOK{BasicCall,
  EDITOR = {{Akwesasne Notes}},
  LOCATION = {Summertown, TN},
  PUBLISHER = {Native Voices},
  DATE = {2005},
  KEYWORDS = {Native American theology,philosophy,worldview,sovereignty,decolonization,anticolonial theory,international relations,ethics,Haudenosaunee},
  TITLE = {Basic Call to Consciousness},
}

@BOOK{Browner:FirstNations,
  EDITOR = {Browner, Tara},
  LOCATION = {Urbana, IL},
  PUBLISHER = {University of Illinois Press},
  DATE = {2009},
  KEYWORDS = {Native American music,ethnomusicology,contemporary,US,Canada,modernity},
  SHORTTITLE = {Music of the First Nations},
  TITLE = {Music of the First Nations: Tradition and Innovation in Native North America},
}

@BOOK{Browner:Heartbeat,
  AUTHOR = {Browner, Tara},
  LOCATION = {Urbana, IL},
  PUBLISHER = {University of Illinois Press},
  DATE = {2002},
  KEYWORDS = {Native american music,intertribal music,public festivals,intercultural exchange,popular music,dance,identity,US contemporary music},
  SHORTTITLE = {Heartbeat of the People},
  TITLE = {Heartbeat of the People: Music and Dance of the Northern Pow-wow},
}

@ARTICLE{Caldwell:Kurath,
  AUTHOR = {Caldwell, Mary Channen},
  DATE = {2008},
  JOURNALTITLE = {{Danse au Canada}},
  KEYWORDS = {Kurath,ethnography,dance,anthropology,ethics,fieldwork,notation,Haudenosaunee},
  NUMBER = {1},
  PAGES = {21--40},
  SHORTTITLE = {\mkbibquote{The Place of Dance in Human Life}},
  TITLE = {\mkbibquote{The Place of Dance in Human Life}: Perspectives on the Fieldwork and Dance Notation of Gertrude P. Kurath},
  VOLUME = {30},
}

@BOOK{Chafe:Grammar,
  AUTHOR = {Chafe, Wallace},
  LOCATION = {Berkeley},
  PUBLISHER = {University of California Press},
  DATE = {2015},
  KEYWORDS = {linguistics,Seneca language},
  NUMBER = {149},
  SERIES = {Linguistics},
  TITLE = {A Grammar of the Seneca Language},
}

@BOOK{Chafe:SenecaDictionary,
  AUTHOR = {Chafe, Wallace with Austin, Alberta and Bardeau, Phyllis et al.},
  LOCATION = {Salamanca, Allegany Territory, Seneca Nation},
  PUBLISHER = {Seneca Nation of Indians, Seneca Language Department},
  URL = {https://senecalanguage.com/english-seneca-dictionary-chafe-1/},
  DATE = {2019},
  KEYWORDS = {Seneca language,linguistics,dictionary},
  TITLE = {English--Seneca Dictionary},
}

@INCOLLECTION{Christen:Mukurtu,
  AUTHOR = {Christen, Kimberly},
  EDITOR = {Barwick, Linda Barwick and Green, Jennifer and Vaarzon-Morel, Petronella},
  BOOKTITLE = {Archival Returns: Central Australia and Beyond},
  DATE = {2019},
  KEYWORDS = {Native American research methods,archives,libraries,ethics,online publication,digital media,repatriation},
  PAGES = {153--172},
  SHORTTITLE = {\mkbibquote{The Songline Is Alive in Mukurtu}},
  TITLE = {\mkbibquote{The Songline Is Alive in Mukurtu}: Return, Reuse, and Respect},
}

@INCOLLECTION{Christen:RelationshipsNotRecords,
  AUTHOR = {Christen, Kimberly},
  EDITOR = {Sayers, Jentery},
  LOCATION = {New York},
  PUBLISHER = {Routledge},
  BOOKTITLE = {The Routledge Companion to Media Studies and Digital Humanities},
  DATE = {2018},
  KEYWORDS = {Native American research methods,archives,libraries,ethics,online publication,digital media,repatriation},
  PAGES = {403--412},
  SHORTTITLE = {Relationships, Not Records},
  TITLE = {Relationships, Not Records: Digital Heritage and the Ethics of Sharing Indigenous Knowledge Online},
}

@COLLECTION{CHWorldMusic,
  EDITOR = {Bohlman, Philip V.},
  LOCATION = {Cambridge},
  PUBLISHER = {Cambridge University Press},
  DATE = {2013},
  KEYWORDS = {world-music,ethnomusicology,music-historiography},
  TITLE = {The Cambridge History of World Music},
}

@BOOK{Deloria:BrokenTreaties,
  AUTHOR = {Deloria, Vine, Jr.},
  LOCATION = {Austin},
  PUBLISHER = {University of Texas Press},
  DATE = {1985},
  EDITION = {revised ed.},
  KEYWORDS = {land rights,treaties,sovereignty,activism,law,Sioux/Lakota,history,20C,indigenous author},
  SHORTTITLE = {Behind the Trail of Broken Treaties},
  TITLE = {Behind the Trail of Broken Treaties: An Indian Declaration of Independence},
}

@INCOLLECTION{Diamond:NativeAmericanHistory,
  AUTHOR = {Diamond, Beverley},
  CROSSREF = {CHWorldMusic},
  KEYWORDS = {native-americans,historiography},
  PAGES = {155--180},
  TITLE = {Native American Ways of \mkbibparens{Music} History},
}

@BOOK{Diamond:NativeAmericanNortheast,
  AUTHOR = {Diamond, Beverley},
  LOCATION = {New York},
  PUBLISHER = {Oxford University Press},
  DATE = {2008},
  KEYWORDS = {Native American music,northeast USA,Haudenosaunee,ethnomusicology},
  SHORTTITLE = {Native American Music in Eastern North America},
  TITLE = {Native American Music in Eastern North America: Experiencing Music, Expressing Culture},
}

@BOOK{Eyerly:Moravian,
  AUTHOR = {Eyerly, Sarah Justina},
  LOCATION = {Bloomington, IN},
  PUBLISHER = {Indiana University Press},
  DATE = {2020},
  KEYWORDS = {indigenous,native American music,Pennsylvania,US history,Moravians,missions,religion,sound studies,colonial,early modern,sacred song},
  SHORTTITLE = {Moravian Soundscapes},
  TITLE = {Moravian Soundscapes: A Sonic History of the Moravian Missions in Early Pennsylvania},
}

@BOOK{Fenton:GreatLaw,
  AUTHOR = {Fenton, William N.},
  LOCATION = {Norman, OK},
  PUBLISHER = {University of Oklahoma Press},
  DATE = {1998},
  SHORTTITLE = {The Great Law and the Longhouse},
  TITLE = {The Great Law and the Longhouse: A Political History of the Iroquois Confederacy},
}

@BOOK{Fenton:SongsLonghouse,
  AUTHOR = {Fenton, William N.},
  LOCATION = {Washington, DC},
  PUBLISHER = {Smithsonian Institution},
  DATE = {1942},
  KEYWORDS = {Haudenosaunee song and dance,Native American music,ethnohistory,anthropology,longhouse ceremony},
  SHORTTITLE = {Songs from an Iroquois Longhouse},
  TITLE = {Songs from an Iroquois Longhouse: Program Notes for an Album of American Indian Music from the Eastern Woodlands},
}

@BOOK{FentonKurath:EagleDance,
  AUTHOR = {Fenton, William N. and Kurath, Gertrude Prokosch},
  LOCATION = {Washington, DC},
  PUBLISHER = {United States Government Printing Office},
  DATE = {1953},
  KEYWORDS = {Haudenosaunee song and dance,Native American music,ethnohistory,anthropology,ceremony},
  SHORTTITLE = {The Iroquois Eagle Dance},
  TITLE = {The Iroquois Eagle Dance: An Offshoot of the Calumet Dance},
}

@INCOLLECTION{Fox:Repatriation,
  AUTHOR = {Fox, Aaron A.},
  CROSSREF = {CHWorldMusic},
  KEYWORDS = {indigenous,repatriation,ownership,ethics,archive},
  PAGES = {ch. 21},
  TITLE = {Repatriation as Reanimation through Reciprocity},
}

@ARTICLE{Goodman:IndianPsalmody,
  AUTHOR = {Goodman, Glenda},
  DATE = {2012},
  JOURNALTITLE = {The William and Mary Quarterly},
  NUMBER = {4},
  PAGES = {793--822},
  SHORTTITLE = {\mkbibquote{But They Differ from Us in Sound}},
  TITLE = {\mkbibquote{But They Differ from Us in Sound}: Indian Psalmody and the Soundscape of Colonialism, 1651--75},
  VOLUME = {69},
}

@BOOK{Hauptman:Circle,
  AUTHOR = {Hauptman, Laurence M.},
  LOCATION = {Norman, OK},
  PUBLISHER = {University of Oklahoma Press},
  DATE = {2019},
  KEYWORDS = {Seneca Nation,history,US,dispossession,land tenure,political history,19C},
  SHORTTITLE = {Coming Full Circle},
  TITLE = {Coming Full Circle: The Seneca Nation of Indians, 1848--1934},
}

@BOOK{Hauptman:ConspiracyOfInterests,
  AUTHOR = {Hauptman, Laurence M.},
  LOCATION = {Syracuse},
  PUBLISHER = {Syracuse University Press},
  DATE = {1999},
  KEYWORDS = {land rights,treaties,law,Iroquois/Haudenosaunee,New York state,transportation,19C,Erie Canal,history},
  SHORTTITLE = {Conspiracy of Interests},
  TITLE = {Conspiracy of Interests: Iroquois Dispossession and the Rise of New York State},
}

@BOOK{Hauptman:Kinzua,
  AUTHOR = {Hauptman, Laurence M.},
  LOCATION = {Syracuse, NY},
  PUBLISHER = {Syracuse University Press},
  DATE = {2014},
  KEYWORDS = {Seneca Nation,history,US,dispossession,land tenure,20C},
  SHORTTITLE = {In the Shadow of Kinzua},
  TITLE = {In the Shadow of Kinzua: The Seneca Nation of Indians since World War II},
}

@BOOK{Hertzberg:GreatTree,
  AUTHOR = {Hertzberg, Hazel W.},
  LOCATION = {New York},
  PUBLISHER = {Macmillan},
  DATE = {1966},
  KEYWORDS = {Haudenosaunee history,culture,worldview,folklore},
  SHORTTITLE = {The Great Tree and the Longhouse},
  TITLE = {The Great Tree and the Longhouse: The Culture of the Iroquois},
}

@BOOK{Hill:Clay,
  AUTHOR = {Hill, Susan M.},
  LOCATION = {Winnipeg},
  PUBLISHER = {University of Manitoba Press},
  DATE = {2017},
  KEYWORDS = {Haudenosaunee,Canada,history,worldview,decolonization,land tenure,creation,Six Nations Ontario},
  SHORTTITLE = {The Clay We Are Made Of},
  TITLE = {The Clay We Are Made Of: Haudenosaunee Land Tenure on the Grand River},
}

@BOOK{JesuitRelations2,
  EDITOR = {Gold Thwaites, Reuben},
  LOCATION = {Cleveland},
  PUBLISHER = {Burrows Brothers Co.},
  DATE = {1896},
  KEYWORDS = {Jesuits,New France,missionaries,Canada,17C,First Nations,Native Americans,cultural encounter},
  SERIES = {The Jesuit Relations and Allied Documents: Travels and Explorations of the Jesuit Missionaries in New France 1610--1791},
  SHORTTITLE = {Jesuit Relations},
  TITLE = {Acadia: 1612--1614},
  VOLUME = {2},
}

@ARTICLE{Krouse:IroquoisSocials,
  AUTHOR = {Krouse, Susan Applegate},
  DATE = {2001},
  JOURNALTITLE = {American Indian Quarterly},
  KEYWORDS = {Haudenosaunee,social dance songs,urban,identity,contemporary,ethnomusicology,ethnography},
  NUMBER = {3},
  PAGES = {400--408},
  SHORTTITLE = {Traditional Iroquois Socials},
  TITLE = {Traditional Iroquois Socials: Maintaining Identity in the City},
  VOLUME = {25},
}

@BOOK{Kurath:IroquoisMusic,
  AUTHOR = {Kurath, Gertrude P.},
  LOCATION = {Washington, DC},
  PUBLISHER = {Smithsonian Institution, Bureau of American Ethnology},
  DATE = {1964},
  KEYWORDS = {Haudenosaunee,Native American music},
  SHORTTITLE = {Iroquois Music and Dance},
  TITLE = {Iroquois Music and Dance: Ceremonial Arts of Two Seneca Longhouses},
}

@BOOK{LevineRobinson:MusicModernity,
  EDITOR = {Levine, Victoria Lindsay and Robinson, Dylan},
  LOCATION = {Middletown, CT},
  PUBLISHER = {Wesleyan University Press},
  DATE = {2019},
  KEYWORDS = {Native American music,ethnomusicology,contemporary,US,Canada,modernity},
  TITLE = {Music and Modernity among First Peoples of North America},
}

@ARTICLE{McCarthy:Iroquoianist,
  AUTHOR = {McCarthy, Theresa L.},
  DATE = {2008},
  JOURNALTITLE = {Histories of Anthropology Annual},
  KEYWORDS = {anthropology,ethnography,Six Nations Ontario,Haudenosaunee,research methods,ethics,insider/outsider,Fenton,Morgan,Parker},
  PAGES = {135--171},
  SHORTTITLE = {Iroquoian and Iroquoianist},
  TITLE = {Iroquoian and Iroquoianist: Anthropologists and the Haudenosaunee at Grand River},
  VOLUME = {4},
}

@BOOK{Morgan:League,
  AUTHOR = {Morgan, Lewis Henry},
  LOCATION = {Rochester, NY},
  PUBLISHER = {Sage \&{} Brother},
  DATE = {1851},
  KEYWORDS = {ethnography,Haudenosaunee,Iroquois,history,politics,17C,18C},
  TITLE = {{League of the Ho-de'-no-sau-nee or Iroquois}},
}

@BOOK{Peck:CentennialHistory,
  AUTHOR = {Peck, William F.},
  LOCATION = {New York},
  PUBLISHER = {The Pioneer Publishing Company},
  DATE = {1908},
  KEYWORDS = {settler colonization,Rochester,New York state,19C,history},
  TITLE = {History of Rochester and Monroe County, New York: From the Earliest Historic Times to the Beginning of 1907},
}

@BOOK{Peck:SemiCentennialHistory,
  AUTHOR = {Peck, William F.},
  LOCATION = {Syracuse},
  PUBLISHER = {D. Mason \& Co.},
  DATE = {1884},
  KEYWORDS = {George Henry Harris,settler colonization,Rochester,New York state,19C,history,frontier history},
  TITLE = {Semi-Centennial History of the City of Rochester},
}

@BOOK{Richter:Ordeal,
  AUTHOR = {Richter, Daniel K.},
  LOCATION = {Chapel Hill, NC},
  PUBLISHER = {{Omohundro Institute of Early American History and Culture}, University of North Carolina Press},
  DATE = {1992},
  KEYWORDS = {Haudenosaunee,Iroquois,history,politics,17C,18C},
  SHORTTITLE = {The Ordeal of the Longhouse},
  TITLE = {The Ordeal of the Longhouse: The Peoples of the Iroquois League in the Era of European Colonization},
}

@BOOK{Robinson:HungryListening,
  AUTHOR = {Robinson, Dylan},
  LOCATION = {Minneapolis, MN},
  PUBLISHER = {University of Minnesota Press},
  DATE = {2020},
  KEYWORDS = {indigenous theory,research methods,sound studies,listening},
  SHORTTITLE = {Hungry Listening},
  TITLE = {Hungry Listening: Resonant Theory for Indigenous Sound Studies},
}

@BOOK{Smith:Decolonizing,
  AUTHOR = {Smith, Linda Tuhiwai},
  LOCATION = {London},
  PUBLISHER = {Zed Books},
  DATE = {2012},
  KEYWORDS = {indigenous,decolonizing,methodology,ethics,modernity},
  SHORTTITLE = {Decolonizing Methodologies},
  TITLE = {Decolonizing Methodologies: Research and Indigenous Peoples},
}

@BOOK{Spinney:Passamaquoddy,
  AUTHOR = {Spinney, Ann Morrison},
  LOCATION = {Amherst, MA},
  PUBLISHER = {University of Massachusetts Press},
  DATE = {2010},
  KEYWORDS = {native American music,Passamaquoddy people,ceremony,ritual,historical ethnomusicology,colonial US history,Massachusetts,sacred song},
  SHORTTITLE = {Passamaquoddy Ceremonial Songs},
  TITLE = {Passamaquoddy Ceremonial Songs: Aesthetics and Survival},
}

@BOOK{Tinker:Liberation,
  AUTHOR = {Tinker, George E. \mkbibquote{Tink}},
  LOCATION = {Maryknoll, NY},
  PUBLISHER = {Orbis Books},
  DATE = {2008},
  KEYWORDS = {Native American theology,philosophy,worldview; Christian theology,decolonization,anticolonial theory,sovereignty,creation,ethics,Osage},
  SHORTTITLE = {American Indian Liberation},
  TITLE = {American Indian Liberation: A Theology of Sovereignty},
}

@BOOK{Turner:PhelpsGorham,
  AUTHOR = {Turner, O.},
  LOCATION = {Rochester, NY},
  PUBLISHER = {William Alling},
  DATE = {1851},
  KEYWORDS = {settler colonization,Rochester,New York state,19C,history,pioneers},
  TITLE = {History of the Pioneer Settlement of Phelps and Gorham's Purchase and Morris' Reserve},
}

@BOOK{Wall:HumanBeing,
  EDITOR = {Wall, Steve},
  LOCATION = {Charlottesville, VA},
  PUBLISHER = {Hampton Roads Publishing},
  DATE = {2001},
  KEYWORDS = {Native American theology,philosophy,worldview,ethics,Haudenosaunee},
  TITLE = {To Become a Human Being: The Message of Tadodaho Chief Leon Shenandoah},
}

@BOOK{Wilson:ResearchCeremony,
  AUTHOR = {Wilson, Shawn},
  LOCATION = {Halifax},
  PUBLISHER = {Fernwood Publishing},
  DATE = {2008},
  KEYWORDS = {research methods,indigenous peoples,ethics},
  TITLE = {Research Is Ceremony: Indigenous Research Methods},
}

@BOOK{Wright:SpellingBook,
  AUTHOR = {Wright, Asher},
  LOCATION = {Buffalo-Creek Reservation},
  PUBLISHER = {Mission Press},
  DATE = {1842},
  KEYWORDS = {linguistics,Seneca language,dictionary,missionaries,19C},
  SHORTTITLE = {A Spelling-Book in the Seneca Language},
  TITLE = {Go 'w\underbar{ƒÉ}n\underbar{a} gwa'ih sat'haƒß yon de'y\underbar{ƒÉ}s dah'gwaƒß/A Spelling-Book in the Seneca Language: with English definitions},
}

